% applications
@inproceedings{lamb2013separating,
    title = "Separating Fact from Fear: Tracking Flu Infections on Twitter",
    author = "Lamb, Alex  and
      Paul, Michael J.  and
      Dredze, Mark",
    booktitle = "Proceedings of the 2013 Conference of the North {A}merican Chapter of the Association for Computational Linguistics: Human Language Technologies",
    month = jun,
    year = "2013",
    address = "Atlanta, Georgia",
    publisher = "Association for Computational Linguistics",
    url = "https://www.aclweb.org/anthology/N13-1097",
    pages = "789--795",
}

@inproceedings{zhu2019detecting,
  title={Detecting depression from Internet behaviors by time-frequency features},
  author={Zhu, Changye and Li, Baobin and Li, Ang and Zhu, Tingshao},
  booktitle={Web Intelligence},
  volume={17},
  pages={199--208},
  year={2019},
  organization={IOS Press}
}

@inproceedings{de2016discovering,
  title={Discovering shifts to suicidal ideation from mental health content in social media},
  author={De Choudhury, Munmun and Kiciman, Emre and Dredze, Mark and Coppersmith, Glen and Kumar, Mrinal},
  booktitle={Proceedings of the 2016 CHI conference on human factors in computing systems},
  pages={2098--2110},
  year={2016},
  organization={ACM}
}

% semantic shift and temporality adaptation
@inproceedings{hamilton2016diachronic,
    title = "Diachronic Word Embeddings Reveal Statistical Laws of Semantic Change",
    author = "Hamilton, William L.  and
      Leskovec, Jure  and
      Jurafsky, Dan",
    booktitle = "Proceedings of the 54th Annual Meeting of the Association for Computational Linguistics (Volume 1: Long Papers)",
    month = aug,
    year = "2016",
    address = "Berlin, Germany",
    publisher = "Association for Computational Linguistics",
    url = "https://www.aclweb.org/anthology/P16-1141",
    doi = "10.18653/v1/P16-1141",
    pages = "1489--1501",
}



% User factor Adaptation
@inproceedings{lynn2017human,
  title={Human Centered NLP with User-Factor Adaptation},
    author = "Lynn, Veronica  and
      Son, Youngseo  and
      Kulkarni, Vivek  and
      Balasubramanian, Niranjan  and
      Schwartz, H. Andrew",
    booktitle = "Proceedings of the 2017 Conference on Empirical Methods in Natural Language Processing",
    month = sep,
    year = "2017",
    address = "Copenhagen, Denmark",
    publisher = "Association for Computational Linguistics",
    url = "https://www.aclweb.org/anthology/D17-1119",
    doi = "10.18653/v1/D17-1119",
    pages = "1146--1155",
}



% ML fairness
@inproceedings{dixon2018measuring,
 author = {Dixon, Lucas and Li, John and Sorensen, Jeffrey and Thain, Nithum and Vasserman, Lucy},
 title = {Measuring and Mitigating Unintended Bias in Text Classification},
 booktitle = {Proceedings of the 2018 AAAI/ACM Conference on AI, Ethics, and Society},
 series = {AIES '18},
 year = {2018},
 isbn = {978-1-4503-6012-8},
 location = {New Orleans, LA, USA},
 pages = {67--73},
 numpages = {7},
 url = {http://doi.acm.org/10.1145/3278721.3278729},
 doi = {10.1145/3278721.3278729},
 acmid = {3278729},
 publisher = {ACM},
 address = {New York, NY, USA},
 keywords = {algorithmic bias, fairness, machine learning, natural language processing, text classification},
}

@unpublished{huang2019fairness,
author  = {Huang, Xiaolei and Dernoncourt, Franck and Paul, Michael J},
title   = {Demographic Bias in Hate Speech Classification: Corpora, Baselines, and an Easy Domain Adaptation Approach to Improve
Classifier Fairness},
year    = {2020},
note    = {Unpublished Manscript},
}

% My works
@inproceedings{huang2017exploring,
  title={Exploring timelines of confirmed suicide incidents through social media},
  author={Huang, Xiaolei and Xing, Linzi and Brubaker, Jed R and Paul, Michael J},
  booktitle={2017 IEEE International Conference on Healthcare Informatics (ICHI)},
  pages={470--477},
  year={2017},
  organization={IEEE},
  url={https://ieeexplore.ieee.org/stamp/stamp.jsp?arnumber=8031196}
}

@inproceedings{huang2018examining,
    title = "Examining Temporality in Document Classification",
    author = "Huang, Xiaolei  and
      Paul, Michael J.",
    booktitle = "Proceedings of the 56th Annual Meeting of the Association for Computational Linguistics (Volume 2: Short Papers)",
    month = jul,
    year = "2018",
    address = "Melbourne, Australia",
    publisher = "Association for Computational Linguistics",
    url = "https://www.aclweb.org/anthology/P18-2110",
    doi = "10.18653/v1/P18-2110",
    pages = "694--699",
}

@inproceedings{huang2018modeling,
    title = "Modeling Temporality of Human Intentions by Domain Adaptation",
    author = "Huang, Xiaolei  and
      Liu, Lixing  and
      Carey, Kate  and
      Woolley, Joshua  and
      Scherer, Stefan  and
      Borsari, Brian",
    booktitle = "Proceedings of the 2018 Conference on Empirical Methods in Natural Language Processing",
    month = oct # "-" # nov,
    year = "2018",
    address = "Brussels, Belgium",
    publisher = "Association for Computational Linguistics",
    url = "https://www.aclweb.org/anthology/D18-1074",
    doi = "10.18653/v1/D18-1074",
    pages = "696--701",
}

@inproceedings{huang2019user,
    title = "Neural User Factor Adaptation for Text Classification: Learning to Generalize Across Author Demographics",
    author = "Huang, Xiaolei  and
      Paul, Michael J.",
    booktitle = "Proceedings of the Eighth Joint Conference on Lexical and Computational Semantics (*{SEM} 2019)",
    month = jun,
    year = "2019",
    address = "Minneapolis, Minnesota",
    publisher = "Association for Computational Linguistics",
    url = "https://www.aclweb.org/anthology/S19-1015",
    doi = "10.18653/v1/S19-1015",
    pages = "136--146",
}

@inproceedings{huang2019neural,
    title = "Neural Temporality Adaptation for Document Classification: Diachronic Word Embeddings and Domain Adaptation Models",
    author = "Huang, Xiaolei  and
      Paul, Michael J.",
    booktitle = "Proceedings of the 57th Annual Meeting of the Association for Computational Linguistics",
    month = jul,
    year = "2019",
    address = "Florence, Italy",
    publisher = "Association for Computational Linguistics",
    url = "https://www.aclweb.org/anthology/P19-1403",
    doi = "10.18653/v1/P19-1403",
    pages = "4113--4123",
}

@article {huang2019can,
	author = {Huang, Xiaolei and Smith, Michael C and Jamison, Amelia M and Broniatowski, David A and Dredze, Mark and Quinn, Sandra Crouse and Cai, Justin and Paul, Michael J},
	title = {Can online self-reports assist in real-time identification of influenza vaccination uptake? A cross-sectional study of influenza vaccine-related tweets in the USA, 2013{\textendash}2017},
	volume = {9},
	number = {1},
	elocation-id = {e024018},
	year = {2019},
	doi = {10.1136/bmjopen-2018-024018},
	publisher = {British Medical Journal Publishing Group},
	issn = {2044-6055},
	URL = {https://bmjopen.bmj.com/content/9/1/e024018},
	eprint = {https://bmjopen.bmj.com/content/9/1/e024018.full.pdf},
	journal = {BMJ Open}
}

@inproceedings{huang2015topic,
  title={Topic model for identifying suicidal ideation in chinese microblog},
  author={Huang, Xiaolei and Li, Xin and Liu, Tianli and Chiu, David and Zhu, Tingshao and Zhang, Lei},
  booktitle={Proceedings of the 29th Pacific Asia Conference on Language, Information and Computation},
  pages={553--562},
  year={2015}
}